<record><leader>00000cas a22000007a 4500</leader><controlfield tag="001">25534630</controlfield><controlfield tag="008">920326d19381939wyuwr ne      0    0eng d</controlfield><datafield ind1=" " ind2=" " tag="010"><subfield code="a">sn 92066971 </subfield></datafield><datafield ind1=" " ind2=" " tag="040"><subfield code="a">NVO</subfield><subfield code="b">eng</subfield><subfield code="c">NVO</subfield><subfield code="d">OCLCQ</subfield></datafield><datafield ind1=" " ind2=" " tag="042"><subfield code="a">msc</subfield></datafield><datafield ind1="0" ind2="4" tag="245"><subfield code="a">The Worland grit, the Wyoming news.</subfield></datafield><datafield ind1="3" ind2="0" tag="246"><subfield code="a">Worland grit</subfield></datafield><datafield ind1="3" ind2="0" tag="246"><subfield code="a">Wyoming news</subfield></datafield><datafield ind1=" " ind2=" " tag="260"><subfield code="a">Worland, Wyo. :</subfield><subfield code="b">W. Johnston</subfield></datafield><datafield ind1=" " ind2=" " tag="300"><subfield code="a">v.</subfield></datafield><datafield ind1=" " ind2=" " tag="310"><subfield code="a">Weekly</subfield></datafield><datafield ind1="0" ind2=" " tag="362"><subfield code="a">Vol. 33, no. 6 (Feb. 10, 1938)-v. 34, no. 21 (May 25, 1939).</subfield></datafield><datafield ind1=" " ind2="4" tag="651"><subfield code="a">Worland (Wyo.)</subfield><subfield code="v">Newspapers.</subfield></datafield><datafield ind1=" " ind2="4" tag="651"><subfield code="a">Washakie County (Wyo.)</subfield><subfield code="v">Newspapers.</subfield></datafield><datafield ind1=" " ind2="4" tag="651"><subfield code="a">Big Horn County (Wyo.)</subfield><subfield code="v">Newspapers.</subfield></datafield><datafield ind1=" " ind2=" " tag="752"><subfield code="a">United States</subfield><subfield code="b">Wyoming</subfield><subfield code="c">Washakie</subfield><subfield code="d">Worland.</subfield></datafield><datafield ind1="0" ind2="4" tag="780"><subfield code="t">Worland grit</subfield><subfield code="w">(DLC)sn 92066970</subfield></datafield><datafield ind1="0" ind2="4" tag="780"><subfield code="t">Wyoming news (Worland, Wyo.)</subfield><subfield code="w">(DLC)sn 92066968</subfield></datafield><datafield ind1="0" ind2="0" tag="785"><subfield code="t">Northern Wyoming daily news</subfield><subfield code="w">(DLC)sn 90051713</subfield></datafield></record>